<record xmlns='http://www.loc.gov/MARC21/slim'><leader>00907cam a22002655  4500</leader><controlfield tag='001'>9919643053506421</controlfield><controlfield tag='005'>20200805204851.0</controlfield><controlfield tag='008'>980330s1955    it fh         000 0 ita d</controlfield><datafield ind1=' ' ind2=' ' tag='035'><subfield code='a'>(OCoLC)ocm38866435</subfield></datafield><datafield ind1=' ' ind2=' ' tag='035'><subfield code='9'>CHD8897TS</subfield></datafield><datafield ind1=' ' ind2=' ' tag='035'><subfield code='a'>1964305</subfield></datafield><datafield ind1=' ' ind2=' ' tag='035'><subfield code='a'>(NjP)1964305-princetondb</subfield></datafield><datafield ind1=' ' ind2=' ' tag='040'><subfield code='a'>PUL</subfield><subfield code='c'>PUL</subfield></datafield><datafield ind1=' ' ind2='4' tag='050'><subfield code='a'>NC1045</subfield></datafield><datafield ind1='1' ind2=' ' tag='100'><subfield code='a'>Resta, Sebastiano.</subfield><subfield code='0'>http://id.loc.gov/authorities/names/n85311670</subfield></datafield><datafield ind1='0' ind2='0' tag='245'><subfield code='a'>Cento tavole del codice Resta.</subfield></datafield><datafield ind1=' ' ind2=' ' tag='260'><subfield code='a'>[Milano,</subfield><subfield code='b'>Officine grafiche A. Pizzi,</subfield><subfield code='c'>1955]</subfield></datafield><datafield ind1=' ' ind2=' ' tag='300'><subfield code='a'>facsim.: 100 pl.</subfield><subfield code='c'>53 cm.</subfield></datafield><datafield ind1='1' ind2=' ' tag='490'><subfield code='a'>Milan. Biblioteca ambrosiana. Fonti ambrosiane,</subfield><subfield code='v'>29</subfield></datafield><datafield ind1=' ' ind2=' ' tag='546'><subfield code='a'>Introduction in Italian, French, English and German.</subfield></datafield><datafield ind1=' ' ind2=' ' tag='590'><subfield code='a'>Limited ed.</subfield></datafield><datafield ind1=' ' ind2='0' tag='650'><subfield code='a'>Drawing, Italian.</subfield><subfield code='0'>http://id.loc.gov/authorities/subjects/sh85039448</subfield></datafield><datafield ind1='2' ind2=' ' tag='710'><subfield code='a'>Biblioteca ambrosiana.</subfield><subfield code='k'>Mss.</subfield><subfield code='n'>(Codice Resta)</subfield></datafield><datafield ind1=' ' ind2='0' tag='830'><subfield code='a'>Fontes ambrosiani ;</subfield><subfield code='v'>29.</subfield></datafield><datafield ind1=' ' ind2=' ' tag='945'><subfield code='a'>SAX</subfield><subfield code='b'>1</subfield><subfield code='c'>NC1045</subfield><subfield code='d'>.R31e</subfield></datafield><datafield ind1=' ' ind2=' ' tag='911'><subfield code='a'>19981027</subfield></datafield><datafield ind1=' ' ind2=' ' tag='INT'><subfield code='a'>P</subfield></datafield><datafield ind1=' ' ind2=' ' tag='INST'><subfield code='a'>01PRI_INST</subfield></datafield><datafield ind1=' ' ind2=' ' tag='AVA'><subfield code='0'>9919643053506421</subfield><subfield code='8'>2296742540006421</subfield><subfield code='a'>01PRI_INST</subfield><subfield code='b'>rare</subfield><subfield code='c'>Graphic Arts Collection</subfield><subfield code='d'>Oversize 2006-0102E</subfield><subfield code='e'>available</subfield><subfield code='f'>1</subfield><subfield code='g'>0</subfield><subfield code='j'>gax</subfield><subfield code='k'>8</subfield><subfield code='p'>1</subfield><subfield code='q'>Special Collections</subfield></datafield><datafield ind1=' ' ind2=' ' tag='AVA'><subfield code='0'>9919643053506421</subfield><subfield code='8'>2296742550006421</subfield><subfield code='a'>01PRI_INST</subfield><subfield code='b'>marquand</subfield><subfield code='c'>Rare Books</subfield><subfield code='d'>Oversize NC1045 .R31e</subfield><subfield code='e'>check_holdings</subfield><subfield code='j'>x</subfield><subfield code='k'>0</subfield><subfield code='p'>2</subfield><subfield code='q'>Marquand Library</subfield></datafield></record>